
@incollection{bottou2010large,
	title={Large-scale machine learning with stochastic gradient descent},
	author={Bottou, L{\'e}on},
	booktitle={Proceedings of COMPSTAT'2010},
	pages={177--186},
	year={2010},
	publisher={Springer}
}

@incollection{bottou2012stochastic,
	title={Stochastic gradient descent tricks},
	author={Bottou, L{\'e}on},
	booktitle={Neural networks: Tricks of the trade},
	pages={421--436},
	year={2012},
	publisher={Springer}
}

@article{bottou1991stochastic,
	title={Stochastic gradient learning in neural networks},
	author={Bottou, L{\'e}on and others},
	journal={Proceedings of Neuro-N{\i}mes},
	volume={91},
	number={8},
	pages={12},
	year={1991},
	publisher={Nimes}
}


@inproceedings{wijnhoven2010fast,
	title={Fast training of object detection using stochastic gradient descent},
	author={Wijnhoven, Rob GJ and de With, PHN},
	booktitle={2010 20th International Conference on Pattern Recognition},
	pages={424--427},
	year={2010},
	organization={IEEE}
}

@book{ml2008python,
	author = {Sebastien Raschka, Vahid Mirjalili},
	title = {Python Machine Learning and Deep Learning, with sckit-learn and Tensorflow },
	year  = {2017},
	publisher = {Packt},
	pages = {17--139},
	edition = {2nd}
}

@book{antoine2018apprentissage,
	author={Antoine Cornuéjols, Laurent Michet, Vincent Barra},
	title={Apprentissage artificiel : Deep leaning, concepts et algorithmes},
	year = {2018},
	publisher= {Eyrolles},
	pages = {239--263},
	edition = {3rd}
} 


@article{bottou2018optimization,
	title={Optimization methods for large-scale machine learning},
	author={Bottou, L{\'e}on and Curtis, Frank E and Nocedal, Jorge},
	journal={Siam Review},
	volume={60},
	number={2},
	pages={223--311},
	year={2018},
	publisher={SIAM}
}


@article{lydia2019adagrad,
	title={Adagrad—an optimizer for stochastic gradient descent},
	author={Lydia, Agnes and Francis, Sagayaraj},
	journal={Int. J. Inf. Comput. Sci},
	volume={6},
	number={5},
	pages={566--568},
	year={2019}
}

@article{krizhevsky2012imagenet,
	title={Imagenet classification with deep convolutional neural networks},
	author={Krizhevsky, Alex and Sutskever, Ilya and Hinton, Geoffrey E},
	journal={Advances in neural information processing systems},
	volume={25},
	year={2012}
}


@article{tammina2019transfer,
	title={Transfer learning using VGG-16 with deep convolutional neural network for classifying images},
	author={Tammina, Srikanth},
	journal={International Journal of Scientific and Research Publications (IJSRP)},
	volume={9},
	number={10},
	pages={143--150},
	year={2019}
}

@article{simonyan2014very,
	title={Very deep convolutional networks for large-scale image recognition},
	author={Simonyan, Karen and Zisserman, Andrew},
	journal={arXiv preprint arXiv:1409.1556},
	year={2014}
}

@article{shin2016deep,
	title={Deep convolutional neural networks for computer-aided detection: CNN architectures, dataset characteristics and transfer learning},
	author={Shin, Hoo-Chang and Roth, Holger R and Gao, Mingchen and Lu, Le and Xu, Ziyue and Nogues, Isabella and Yao, Jianhua and Mollura, Daniel and Summers, Ronald M},
	journal={IEEE transactions on medical imaging},
	volume={35},
	number={5},
	pages={1285--1298},
	year={2016},
	publisher={IEEE}
}



@book{sarkar2017practical,
	title={Practical Machine Learning with Python: A Problem-Solver's Guide to Building Real-World Intelligent Systems},
	author={Sarkar, D. and Bali, R. and Sharma, T.},
	isbn={9781484232071},
	year={2017},
	publisher={Apress}
}

@book{geron2017hands,
	title={Hands-on Machine Learning with Scikit-Learn and TensorFlow: Concepts, Tools, and Techniques to Build Intelligent Systems},
	author={G{\'e}ron, A.},
	isbn={9781491962299},
	year={2017},
	publisher={O'Reilly Media}
}


@article{ruder2016overview,
	title={An overview of gradient descent optimization algorithms},
	author={Ruder, Sebastian},
	journal={arXiv preprint arXiv:1609.04747},
	year={2016}
}



@article{bosman2020visualising,
	title={Visualising basins of attraction for the cross-entropy and the squared error neural network loss functions},
	author={Bosman, Anna Sergeevna and Engelbrecht, Andries and Helbig, Mard{\'e}},
	journal={Neurocomputing},
	volume={400},
	pages={113--136},
	year={2020},
	publisher={Elsevier}
}

@article{ernst2014stochastic,
	title={Stochastic gradient descent learning and the backpropagation algorithm},
	author={Ernst, Oliver K},
	journal={University of California, San Diego, La Jolla, CA, Tech. Rep},
	year={2014}
}

@article{kingma2014adam,
	title={Adam: A method for stochastic optimization},
	author={Kingma, Diederik P and Ba, Jimmy},
	journal={arXiv preprint arXiv:1412.6980},
	year={2014}
}

@article{lydia2019adagrad,
	title={Adagrad—an optimizer for stochastic gradient descent},
	author={Lydia, Agnes and Francis, Sagayaraj},
	journal={Int. J. Inf. Comput. Sci},
	volume={6},
	number={5},
	pages={566--568},
	year={2019}
}

@article{lin2019nesterov,
	title={Nesterov accelerated gradient and scale invariance for adversarial attacks},
	author={Lin, Jiadong and Song, Chuanbiao and He, Kun and Wang, Liwei and Hopcroft, John E},
	journal={arXiv preprint arXiv:1908.06281},
	year={2019}
}



@book{goodfellow2016deep,
	title={Deep Learning},
	author={Goodfellow, I. and Bengio, Y. and Courville, A.},
	isbn={9780262035613},
	lccn={2016022992},
	series={Adaptive Computation and Machine Learning series},
	year={2016},
	publisher={MIT Press}
}


@article{krizhevsky2012imagenet,
	title={Imagenet classification with deep convolutional neural networks},
	author={Krizhevsky, Alex and Sutskever, Ilya and Hinton, Geoffrey E},
	journal={Advances in neural information processing systems},
	volume={25},
	year={2012}
}

@inproceedings{huang2017densely,
	title={Densely connected convolutional networks},
	author={Huang, Gao and Liu, Zhuang and Van Der Maaten, Laurens and Weinberger, Kilian Q},
	booktitle={Proceedings of the IEEE conference on computer vision and pattern recognition},
	pages={4700--4708},
	year={2017}
}


@article{burges2006learning,
	title={Learning to rank with nonsmooth cost functions},
	author={Burges, Christopher and Ragno, Robert and Le, Quoc},
	journal={Advances in neural information processing systems},
	volume={19},
	year={2006}
}

@article{dozat2016incorporating,
	title={Incorporating nesterov momentum into adam},
	author={Dozat, Timothy},
	year={2016}
}

@article{esunge2020superposed,
	title={Superposed Ornstein-Uhlenbeck Processes},
	author={Esunge, Julius and Muhau, Auguste},
	journal={Journal of Stochastic Analysis},
	volume={1},
	number={2},
	pages={6},
	year={2020}
}